<record><leader>00000cas a22000007a 4500</leader><controlfield tag="001">20362735</controlfield><controlfield tag="008">890918d19761983mauwn ne      0    0eng d</controlfield><datafield ind1=" " ind2=" " tag="010"><subfield code="a">sn 89063821 </subfield></datafield><datafield ind1=" " ind2=" " tag="040"><subfield code="a">MGN</subfield><subfield code="b">eng</subfield><subfield code="c">MGN</subfield><subfield code="d">OCLCQ</subfield></datafield><datafield ind1=" " ind2=" " tag="042"><subfield code="a">msc</subfield></datafield><datafield ind1="0" ind2="4" tag="245"><subfield code="a">The Holden Landmark.</subfield></datafield><datafield ind1=" " ind2=" " tag="260"><subfield code="a">Holden, Mass. :</subfield><subfield code="b">Joanne Root</subfield></datafield><datafield ind1=" " ind2=" " tag="300"><subfield code="a">v.</subfield></datafield><datafield ind1=" " ind2=" " tag="310"><subfield code="a">Weekly,</subfield><subfield code="b">Jan. 24, 1980-</subfield></datafield><datafield ind1=" " ind2=" " tag="321"><subfield code="a">Biweekly,</subfield><subfield code="b">Jan. 22, 1976-Jan. 10, 1980</subfield></datafield><datafield ind1="0" ind2=" " tag="362"><subfield code="a">Vol. 1, no. 1 (Jan. 22, 1976)-v. 8, no. 36 (Sept. 29, 1983).</subfield></datafield><datafield ind1=" " ind2=" " tag="500"><subfield code="a">Published biweekly June-Aug., 1980-1981.</subfield></datafield><datafield ind1=" " ind2=" " tag="752"><subfield code="a">United States</subfield><subfield code="b">Massachusetts</subfield><subfield code="c">Worcester</subfield><subfield code="d">Holden.</subfield></datafield><datafield ind1="0" ind2="0" tag="785"><subfield code="t">Landmark (Holden, Mass.)</subfield><subfield code="w">(DLC)sn 89063826</subfield></datafield></record>